
@book{fisher_statistical_1970,
	location = {Edinburgh},
	edition = {14th ed., revised and enlarged},
	title = {Statistical methods for research workers},
	isbn = {978-0-05-002170-5},
	pagetotal = {362},
	publisher = {Oliver and Boyd},
	author = {Fisher, Ronald Aylmer},
	date = {1970},
	keywords = {Biometry, Statistics},
}